@misc{ray,
	title="Янова Р.~Ю. Метод прямой и обратной трассировки",
	howpublished="Вестник науки и образования",
        year = "2016"
}

@misc{part_system,
    title = "Карабчевский В.~В., Лунтовская А.~А. Реалистичная визуализация атмосферных осадков в приложениях реального времени.",
    year = "2015"
}

@article{rogers,
    title = "Роджерс Д., Алгоритмические основы машинной графики.",
    year = "2013 --- \\457-517с"
}

@article{shree,
    title = "Kshitiz Garg, Shree K. Nayar. Photorealistic Rendering of Rain Streaks.",
    year = "2003"
}

@misc{kurov,
    title = "Куров А.~В. Конспект курса лекций по компьютерной графике",
    year = "2022"
}

@misc{geometry,
    title = "Бабич В.~Н. Геометризация форм и структур инженерно-строительных объектов и процессов",
    howpublished="Архитектон: известия вузов",
    year = "2016"
}

@misc{polygonal,
    title = "Mario Botsch, Mark Pauly, Leif Kobbelt, Pierre Alliez, Bruno Lévy, et al. Geometric
Modeling Based on Polygonal Meshes.",
    year = "2007"
}

@book{list_faces,
    title = "Способы представления и размещения трёхмерных моделей для прототипирования
ювелирных изделий : Материалы VI Международной научно-практической конференции (школы-семинара) молодых ученых.",
    year = "2020 --- 840-845c"
}

@misc{robert,
    title="Цапко И. В., Цапко С. Г. Алгоритмы и методы обработки информации в задачах трехмерного сканирования объектов",
    howpublished="Известия Томского политехнического университета. Инжиниринг георесурсов",
    year = "2010"
}

@misc{cpp,
	title="Справочник по языку C++ [Электронный ресурс]. Режим~доступа: https://learn.microsoft.com/ru-ru/cpp/cpp/cpp-languagereference?view=msvc-170 (дата обращения: 01.02.2023)."
}

@misc{qt,
	title="Документация библиотеки Qt [Электронный ресурс]. Режим доступа: https://doc.qt.io (дата обращения: 27.12.2022)."
}

@misc{obj,
	title="An Overview of 3D Data Content, File Formats and Viewers [Электронный ресурс]. Режим доступа: http://isda.ncsa.illinois.edu/peter/publications/techreports/2008/NCSA-ISDA-2008-002.pdf (дата обращения: 27.12.2022)."
}

@misc{png,
	title="Comparison of different image formats using LSB
Steganography [Электронный ресурс]. Режим доступа: https://ieeexplore.ieee.org/stamp/stamp.jsp?tp=&arnumber=8269657
(дата обращения: 27.12.2022)."
}


@misc{cgv,
    title = "Modeling and Simulation of Skelatal Muscle for Computer Graphics: A Survey",
    howpublished = "Режим доступа: \url{http://www.cs.toronto.edu/pub/reports/na/MuscleSimulationSurvey.pdf} (дата обращения: 07.07.2020)",
    year = 2011
}

@article{ffd,
    author = "J. E. Chadwick, D. R. Haumann and R. E. Parent",
    title = "Layered construction for deformable animated characters",
    journal = "SIGGRAPH Computer Graphics",
    pages = "243–252",
    year = "1989"
}

@article{pps,
    author = "K. Komatsu",
    title = "Human skin model capable of natural shape variation",
    journal = "The Visual Computer, vol. 3, no. 5",
    pages = "265–271",
    year = "1988"
}

@article{is1,
    author = "J. F. Blinn",
    title = "A generalization of algebraic surface drawing",
    journal = "ACM Transactions on Graphics, vol. 1, no. 3",
    pages = "235–256",
    year = 1982
}

@article{is2,
    author = "J. Bloomenthal and K. Shoemake",
    title = "Convolution surfaces",
    journal = "SIGGRAPH Computer Graphics",
    pages = "251–256",
    year = 1991
}
@article{mss,
    author = "L. P. Nedel and D. Thalmann",
    title = "Real time muscle deformations using massspring systems,",
    journal = "Proceedings of Computer Graphics International, IEEE",
    year = 1998
}

@article{fem1,
    author = "G. Strang and G. Fix",
    title = "An Analysis of the Finite Element Method. WellesleyCambridge, 2nd Edition",
    year = 2008
}

@article{fem2,
    author = "A. Nealen, M. Mueller and M. Carlson",
    title = "Physically based deformable models in computer graphics",
    journal = "Computer Graphics Forum, vol. 25, no. 4",
    pages = "809–836",
    year = "2006"
}

@article{fvm1,
    author = "R. J. LeVeque",
    title = "Finite Volume Methods for Hyperbolic Problems",
    journal = "Cambridge University Press",
    year = 2002
}

@article{fvm2,
    author = "J. Teran, S. Blemker and R. Fedkiw",
    title = "Finite volume methods for the simulation of skeletal muscle",
    journal = "SCA ’03: Proceedings of the 2003 ACM SIGGRAPH/Eurographics Symposium on Computer Animation",
    pages = "68–74",
    year = 2003
}

@article{dda,
    author = "K. Min, S. Baek and C. Park",
    title = "Anatomically-based modeling and animation of human upper limbs",
    journal = "Proceedings of International Conference on Human Modeling and Animation",
    year = 2000
}

@misc{sgr,
    title = "Что такое ACM SIGGRAPH?",
    howpublished = "Режим доступа: \url{https://www.siggraph.org/about/what-is-acm-siggraph/russian/} (дата обращения: 07.06.2020)"
}

@misc{per,
    title = "Position-based elastic rods",
    howpublished = "Режим доступа: \url{https://dl.acm.org/doi/10.5555/2849517.2849522} (дата обращения: 03.07.2020)"
}

@misc{viper,
    title = "VIPER: Volume Invariant Position-based Elastic Rods",
    howpublished = "Режим доступа: \url{https://media.contentapi.ea.com/content/dam/ea/seed/presentations/viper-volume-invariant-position-based-elastic-rods.pdf} (дата обращения: 04.07.2020)"
}

@misc{xms,
    title = "X-Muscle System",
    howpublished = "Режим доступа: \url{https://blendermarket.com/products/x-muscle-system} (дата обращения: 14.07.2020)"
}

@misc{blender,
    title = "Blender",
    howpublished = "Режим доступа: \url{https://www.blender.org/} (дата обращения: 14.07.2020)"
}

@misc{biceps_veret,
    title = "Двуглавая мышца плеча (бицепс)",
    howpublished = "Режим доступа: \url{https://enmg.info/anatomy/muscles/hand/brachium/m-biceps-brachii/} (дата обращения: 12.08.2020)"
}

@misc{rusttest,
    title="Документация по ЯП Rust: бенчмарки [Электронный ресурс]",
    howpublished="Режим доступа: \url{https://doc.rust-lang.org/1.7.0/book/benchmark-tests.html} (дата обращения: 21.09.2020)"
}

@misc{manjaro,
    title="Manjaro -- enjoy the simplicity [Электронный ресурс]",
    howpublished="Режим доступа: \url{https://manjaro.org/} (дата обращения: 21.09.2020)"
}

@misc{linux,
    title="Русская информация об ОС Linux [Электронный ресурс]",
    howpublished="Режим доступа: \url{https://www.linux.org.ru/} (дата обращения: 21.09.2020)"
}

@misc{intel,
    title="Процессор Intel® Core™ i7-8550U [Электронный ресурс]",
    howpublished="Режим доступа: \url{https://ark.intel.com/content/www/ru/ru/ark/products/122589/intel-core-i7-8550u-processor-8m-cache-up-to-4-00-ghz.html} (дата обращения: 21.09.2020)"
}
@misc{rust,
    title="Rust Programming Language [Электронный ресурс].",
    howpublished="Режим доступа: \url{https://doc.rust-lang.org/std/index.html} (дата обращения: 20.07.2020)",
    year=2017
}

@misc{gtk-rs,
    title="Gtk-rs",
    howpublished="Режим доступа: \url{https://gtk-rs.org/} (дата обращения: 21.07.2020)"
}

@misc{cargo,
    title="The Cargo Book",
    howpublished="Режим доступа: \url{https://doc.rust-lang.org/cargo/} (дата обращения: 21.07.2020)",
}

@misc{rls,
    title="Rust Language Server (RLS)",
    howpublished="Режим доступа: \url{https://github.com/rust-lang/rls} (дата обращения: 21.07.2020)",
}

@misc{rust-learn,
    title="Rustbook. What is Ownership?",
    howpublished="Режим доступа: \url{https://doc.rust-lang.org/book/ch04-01-what-is-ownership.html} (дата обращения: 20.07.2020)",
}

@misc{vim,
    title="VIM the editor",
    howpublished="Режим доступа: \url{https://www.vim.org/} (дата обращения: 20.07.2020)"
}

@misc{vim-plugins,
    title="VimAwesome",
    howpublished="Режим доступа: \url{https://vimawesome.com/} (дата обращения: 20.07.2020)"
}

@misc{zbuf,
    title="Алгоритм Z-буфера",
    howpublished="Режим доступа: \url{http://compgraph.tpu.ru/zbuffer.htm} (дата обращения: 21.08.2020)"
}

@misc{raytr,
    title="Трассировка лучей в реальном времени",
    howpublished="Режим доступа: \url{https://www.ixbt.com/3dv/directx-raytracing.html} (дата обращения: 13.08.2020)"
}

@misc{lmodels,
    title="Модели затенения. Плоская модель. Затенение по Гуро и Фонгу",
    howpublished="Режим доступа: \url{https://compgraphics.info/3D/lighting/shading_model.php} (дата обращения: 18.06.2020)"
}

@misc{tracer_proof,
    title="Cost Analysis of a Ray Tracing Algorithm",
    howpublished="Режим доступа: \url{https://www.graphics.cornell.edu/~bjw/mca.pdf} (дата обращения: 05.09.2020)"
}

@misc{openarm,
    title="OpenArm 2.0",
    howpublished="Режим доступа: \url{https://berkeley.app.box.com/v/openarm-2p0-data/file/445757315449} (дата обращения: 11.12.2020)"
} 
@misc{openarm1,
    title="OpenArm 1.0",
    howpublished="Режим доступа: \url{https://berkeley.app.box.com/s/mj9yano1umbtbi1aj0l3b7y2pm864wnb/file/692415066210} (дата обращения: 11.12.2020)"
} 
@misc{itk,
    title="ITK-SNAP",
    howpublished="Режим доступа: \url{http://www.itksnap.org/pmwiki/pmwiki.php} (дата обращения: 11.12.2020)"
} 